<?xml version="1.0" encoding="UTF-8"?><record xmlns="http://www.loc.gov/MARC21/slim" xmlns:cinclude="http://apache.org/cocoon/include/1.0" xmlns:zs="http://www.loc.gov/zing/srw/">
  <leader>00379nz  a2200133n  4500</leader>
  <controlfield tag="001">no2008027942</controlfield>
  <controlfield tag="003">DLC</controlfield>
  <controlfield tag="005">20080223075157.0</controlfield>
  <controlfield tag="008">080215n| acannaabn          |n aaa     c</controlfield>
  <datafield tag="010" ind1=" " ind2=" ">
    <subfield code="a">no2008027942</subfield>
  </datafield>
  <datafield tag="035" ind1=" " ind2=" ">
    <subfield code="a">(OCoLC)oca07666470</subfield>
  </datafield>
  <datafield tag="040" ind1=" " ind2=" ">
    <subfield code="a">AzTeS</subfield>
    <subfield code="b">eng</subfield>
    <subfield code="c">AzTeS</subfield>
  </datafield>
  <datafield tag="100" ind1="1" ind2=" ">
    <subfield code="a">Lunte, Gabriele</subfield>
  </datafield>
  <datafield tag="670" ind1=" " ind2=" ">
    <subfield code="a">The Catholic Bohemian German of Ellis County, Kansas, c2007:</subfield>
    <subfield code="b">t.p. (Gabriele Lunte)</subfield>
  </datafield>
</record>